@misc{fhcampus_link,
	Author = {{Hier Autor}},
    Title  = {{Hier Titel}},
    note   = {\url{Hier URL}, abgerufen am 12. November 2020},
    year   = 2019,
}